@manual{cvc4_website,
      title  = "CVC4 is an efficient open-source automatic theorem prover",
      author = "Cesare Tinelli and Clark Barrett",
      note   = "\url{http://cvc4.cs.nyu.edu/web}"
    }
@manual{smtlib:website,
      title  = "SMT-LIB Satisfiability Modulo theories library",
      author = "Clark Barrett and Pascal Fontaine and Cesare Tinelli",
      note   = "\url{http://smtlib.cs.uiowa.edu/}"
    }   
@inproceedings{main-paper,
	Author = {Tianyi Liang and Andrew Reynolds and Cesare Tinelli and Clark Barrett and Morgan Deters},
	Booktitle = {Proceedings of the 26th International Conference on Computer Aided Verification},
	Editor = {Armin Biere and Roderick Bloem},
	Publisher = {Springer},
	Series = {Lecture Notes in Computer Science},
	Title = {A {DPLL(T)} Theory Solver for a Theory of Strings and Regular Expressions},
	Volume = {8559},
	Year = {2014}
}

@manual{cvc4:wiki,
	title  = "CVC4 wiki",
	note   = "\url{http://cvc4.cs.nyu.edu/wiki/Strings}"
}

@Article{dpll_t,
	author =	 {Robert Nieuwenhuis and Albert Oliveras and Cesare Tinelli},
	title =	 {{Solving SAT and SAT Modulo Theories: from an
	Abstract Davis-Putnam-Logemann-Loveland Procedure to
	DPLL(T)}},
	journal =	 {Journal of the ACM},
	year =	 2006,
	volume =	 53,
	number =	 6,
	pages =	 {937--977},
	month =	 nov,
}
@Article{misc_17,
	author = {Bj√∏rner, Nikolaj and Tillmann, Nikolai and Voronkov, Andrei},
	title = {Path Feasibility Analysis for String-Manipulating Programs.}	
}
@Article{misc_60,
	author={G S Makanin},
	title={THE PROBLEM OF SOLVABILITY OF EQUATIONS IN A FREE SEMIGROUP},
	journal={Mathematics of the USSR-Sbornik},
	volume={32},
	number={2},
	pages={129},
	url={http://stacks.iop.org/0025-5734/32/i=2/a=A01},
	year={1977}
}
@Article{misc_89,
	author = {Trinh, Minh-Thai and Chu, Duc-Hiep and Jaffar, Joxan},
	title = {S3: A Symbolic String Solver for Vulnerability Detection in Web Applications},
}
@Article{main_phd,
	author = {Tianyi Liang},
	title = {Automated reasoning over string constraints},		
	journal={PhD Dissertation, Department of Computer Science, The University of Iowa, Dec 2014},
	url={http://ir.uiowa.edu/cgi/viewcontent.cgi?article=5554&context=etd}
}
@article{nelson_oppen,
	author = {Nelson, Greg and Oppen, Derek C.},
	title = {Simplification by Cooperating Decision Procedures},
	journal = {ACM Trans. Program. Lang. Syst.},
	issue_date = {Oct. 1979},
	volume = {1},
	number = {2},
	month = oct,
	year = {1979},
	issn = {0164-0925},
	pages = {245--257},
	numpages = {13},
	url = {http://doi.acm.org/10.1145/357073.357079},
	doi = {10.1145/357073.357079},
	acmid = {357079},
	publisher = {ACM},
	address = {New York, NY, USA},
} 
@inproceedings{Z3_str,
	author = {Zheng, Yunhui and Zhang, Xiangyu and Ganesh, Vijay},
	title = {Z3-str: A Z3-based String Solver for Web Application Analysis},
	booktitle = {Proceedings of the 2013 9th Joint Meeting on Foundations of Software Engineering},
	series = {ESEC/FSE 2013},
	year = {2013},
	isbn = {978-1-4503-2237-9},
	location = {Saint Petersburg, Russia},
	pages = {114--124},
	numpages = {11},
	url = {http://doi.acm.org/10.1145/2491411.2491456},
	doi = {10.1145/2491411.2491456},
	acmid = {2491456},
	publisher = {ACM},
	address = {New York, NY, USA},
	keywords = {String Analysis, String Constraint Solver, Web Application},
}
@Misc{Kudzu,
	author = {Prateek Saxena and Devdatta Akhawe and Steve Hanna and Feng Mao and Stephen McCamant and Dawn Song},
	title = {A Symbolic Execution Framework for JavaScript},
	booktitle = {Proc. of the 31st IEEE Symposium on Security and Privacy (Oakland 2010)},
}
@manual{Kaluza,
	title  = "Kaluza, the string solver for the core of Kudzu.",
	note   = "\url{http://webblaze.cs.berkeley.edu/2010/kaluza/}",
	author = {Prateek Saxena, Devdatta Akhawe, Steve Hanna, Stephen McCamant and Dawn Song}
}
@inproceedings{hampi,
 author = {Kiezun, Adam and Ganesh, Vijay and Guo, Philip J. and Hooimeijer, Pieter and Ernst, Michael D.},
 title = {HAMPI: A Solver for String Constraints},
 booktitle = {Proceedings of the Eighteenth International Symposium on Software Testing and Analysis},
 series = {ISSTA '09},
 year = {2009},
 isbn = {978-1-60558-338-9},
 location = {Chicago, IL, USA},
 pages = {105--116},
 numpages = {12},
 url = {http://doi.acm.org/10.1145/1572272.1572286},
 doi = {10.1145/1572272.1572286},
 acmid = {1572286},
 publisher = {ACM},
 address = {New York, NY, USA},
 keywords = {context-free languages, regular languages, string constraints},
} 

@article{dpll,
 author = {Davis, Martin and Putnam, Hilary},
 title = {A Computing Procedure for Quantification Theory},
 journal = {J. ACM},
 issue_date = {July 1960},
 volume = {7},
 number = {3},
 month = jul,
 year = {1960},
 issn = {0004-5411},
 pages = {201--215},
 numpages = {15},
 url = {http://doi.acm.org/10.1145/321033.321034},
 doi = {10.1145/321033.321034},
 acmid = {321034},
 publisher = {ACM},
 address = {New York, NY, USA},
} 